@book{monk2017programming,
	author    = {Monk, Simon},
	title     = {Programming Arduino: Getting Started with Sketches},
	year      = {2017},
	publisher = {McGraw-Hill Education},
	edition   = {2},
	isbn      = {978-1259641633}
}

@book{evans2011arduino,
	author    = {Evans, Martin and Noble, Joshua and Hochenbaum, Jordan},
	title     = {Arduino in Action},
	year      = {2013},
	publisher = {Manning Publications},
	isbn      = {978-1617290244}
}

@book{platt2014encyclopedia,
	author    = {Platt, Charles},
	title     = {Encyclopedia of Electronic Components Volume 2: LEDs, LCDs, Audio, Thyristors, Digital Logic, and Amplification},
	year      = {2014},
	publisher = {Make Community, LLC},
	isbn      = {978-1449334185}
}

@book{banzi2009getting,
	author    = {Banzi, Massimo and Shiloh, Michael},
	title     = {Getting Started with Arduino},
	year      = {2014},
	publisher = {Maker Media, Inc},
	edition   = {3},
	isbn      = {978-1449363338}
}

@book{scherz2016practical,
	author    = {Scherz, Paul and Monk, Simon},
	title     = {Practical Electronics for Inventors},
	year      = {2016},
	publisher = {McGraw-Hill Education},
	edition   = {4},
	isbn      = {978-1259587542}
}

@misc{arduino_tone,
	author    = {{Arduino}},
	title     = {Tone Function Reference},
	year      = {2024},
	note      = {Available at \url{https://www.arduino.cc/reference/en/language/functions/advanced-io/tone/}},
	howpublished = {\url{https://www.arduino.cc/reference/en/language/functions/advanced-io/tone/}},
	urldate   = {2024-04-07}
}